@book{Manning:1999:FSN:311445,
	author = {Manning, Christopher D. and Sch\"{u}tze, Hinrich},
	title = {Foundations of Statistical Natural Language Processing},
	year = {1999},
	isbn = {0-262-13360-1},
	publisher = {MIT Press},
	address = {Cambridge, MA, USA},
} 

@article {ARIS:ARIS1440380105,
author = {Dumais, Susan T.},
title = {Latent semantic analysis},
journal = {Annual Review of Information Science and Technology},
volume = {38},
number = {1},
publisher = {Wiley Subscription Services, Inc., A Wiley Company},
issn = {1550-8382},
url = {http://dx.doi.org/10.1002/aris.1440380105},
doi = {10.1002/aris.1440380105},
pages = {188--230},
year = {2004},
}

@article{Bengio:2003:NPL:944919.944966,
	author = {Bengio, Yoshua and Ducharme, R{\'e}jean and Vincent, Pascal and Janvin, Christian},
	title = {A Neural Probabilistic Language Model},
	journal = {J. Mach. Learn. Res.},
	issue_date = {3/1/2003},
	volume = {3},
	month = mar,
	year = {2003},
	issn = {1532-4435},
	pages = {1137--1155},
	numpages = {19},
	url = {http://dl.acm.org/citation.cfm?id=944919.944966},
	acmid = {944966},
	publisher = {JMLR.org},
} 

@article{mikolov2013efficient,
	title={Efficient estimation of word representations in vector space},
	author={Mikolov, Tomas and Chen, Kai and Corrado, Greg and Dean, Jeffrey},
	journal={arXiv preprint arXiv:1301.3781},
	year={2013}
}

@article{marcobaroni2014predict,
	added-at = {2016-01-28T11:05:54.000+0100},
	author = {{Marco Baroni, Georgiana Dinu}, Germ√°n Kruszewski},
	biburl = {https://www.bibsonomy.org/bibtex/2d0acaa560edb2aed852b2321856aaf08/ans},
	description = {Don't count, predict! A systematic comparison of context-counting vs. context-predicting semantic vectors},
	interhash = {727478fd816465de4a943dac5d92268b},
	intrahash = {d0acaa560edb2aed852b2321856aaf08},
	journal = {52nd Annual Meeting of the Association for Computational Linguistics, ACL 2014 - Proceedings of the Conference},
	keywords = {representation semantic vector},
	pages = {238-247},
	timestamp = {2016-01-28T11:05:54.000+0100},
	title = {Don't count, predict! A systematic comparison of context-counting vs. context-predicting semantic vectors},
	year = 2014
}

@article{rong2014word2vec,
	title={word2vec Parameter Learning Explained},
	author={Rong, Xin},
	journal={arXiv preprint arXiv:1411.2738},
	year={2014}
}

@article{accuracy,
url={https://rare-technologies.com/fasttext-and-gensim-word-embeddings/},
note={"Online accessed 16/04/2017}
}